@book{em:86,
  editor  = "Engelmore, Robert and Morgan, Anthony",
  title   = "Blackboard Systems",
  year    = 1986,
  address = "Reading, Mass.",
  publisher = "Addison-Wesley",
}