@book{em:86,
  editor  = "Witten ,Ian H. and Frank, Eibe and Hall, Mark A.",
  title   = "Data Mining: Practical Machine Learning Tools and Techniques",
  year    = 2011,
  address = "Burlington, MA",
  publisher = "Morgan Kaufmann",
  edition = "Third",
}
@article{key,
  author          = {Bundesnetzagentur},
  journal         = {https://www.smard.de/home/marktdaten},
  number          = {},
  title           = {BNetzA (01.01.2022-12.31.2022)},
  volume          = {},
  year            = {2023}
}
@article{hey,
  author          = {Deutscher-Wetterdienst},
  journal         = {https://www.smard.de/home/marktdaten},
  number          = {},
  title           = {DWD (01.01.2022-12.31.2022)},
  volume          = {},
  year            = {2023}
}
@article{fey,
  author          = {Jenifa, Ashlin},
  journal         = {https://geekflare.com/de/regression-vs-classification/},
  number          = {},
  title           = {30.01.2024},
  volume          = {},
  year            = {aufgerufen am}
}